<?xml version="1.0" encoding="utf-8"?>
<record xmlns="http://www.loc.gov/MARC21/slim" xmlns:xsi="http://www.w3.org/2001/XMLSchema-instance" xsi:schemaLocation="http://www.loc.gov/MARC21/slim http://www.loc.gov/standards/marcxml/schema/MARC21slim.xsd">
	<leader>     nam a22     Mi 4500</leader>
	<controlfield tag="001">794859</controlfield>
	<controlfield tag="003">NjP</controlfield>
	<controlfield tag="006">m        d        </controlfield>
	<controlfield tag="007">cr cn |||m|||a</controlfield>
	<controlfield tag="008">180326s1989    ir      o     00010 ara d</controlfield>
	<datafield ind1="7" ind2=" " tag="024">
		<subfield code="a">princeton_aco000959</subfield>
		<subfield code="2">local</subfield>
	</datafield>
	<datafield ind1=" " ind2=" " tag="040">
		<subfield code="a">ZYU</subfield>
		<subfield code="b">eng</subfield>
		<subfield code="c">ZYU</subfield>
	</datafield>
	<datafield ind1="1" ind2=" " tag="100">
		<subfield code="a">Khūʾī, Abū al-Qāsim ibn ʻAlī Akbar,</subfield>
		<subfield code="d">1899-</subfield>
	</datafield>
	<datafield ind1="1" ind2="0" tag="245">
		<subfield code="a">Muʻjam rijāl al-ḥadīth wa-tafṣīl ṭabaqāt al-ruwāh</subfield>
		<subfield code="h">[electronic resource] /</subfield>
		<subfield code="c">lil-marjiʻ Abū al-Qāsim al-Mūsawī al-Khūʾī.</subfield>
	</datafield>
	<datafield ind1=" " ind2=" " tag="250">
		<subfield code="a">al-Ṭabʻah 4.</subfield>
	</datafield>
	<datafield ind1=" " ind2=" " tag="260">
		<subfield code="a">Qum, Īrān ;</subfield>
		<subfield code="b">Markaz Nashr al-Āthār al-Shīʻah,</subfield>
		<subfield code="c">1410 [1989 or 1990]</subfield>
	</datafield>
	<datafield ind1=" " ind2=" " tag="300">
		<subfield code="a">online resource (24 v.)</subfield>
	</datafield>
	<datafield ind1=" " ind2=" " tag="500">
		<subfield code="a">Includes indexes.</subfield>
	</datafield>
	<datafield ind1=" " ind2=" " tag="500">
		<subfield code="a">Vol. 24 has title: Dalīl Muʻjam rijāl al-ḥadīth; edited by: Muḥammad Saʻīd al-Ṭurayḥī.</subfield>
	</datafield>
	<datafield ind1=" " ind2=" " tag="500">
		<subfield code="a">Part of the Arabic Collections Online (ACO) project, contributed by Princeton University Libraries.</subfield>
	</datafield>
	<datafield ind1=" " ind2=" " tag="533">
		<subfield code="a">Electronic reproduction.</subfield>
		<subfield code="b">New York, N.Y. :</subfield>
		<subfield code="c">New York University,</subfield>
		<subfield code="d">2018.</subfield>
		<subfield code="5">NNU</subfield>
	</datafield>
	<datafield ind1=" " ind2="0" tag="650">
		<subfield code="a">Hadith</subfield>
		<subfield code="x">Authorities.</subfield>
	</datafield>
	<datafield ind1="1" ind2=" " tag="700">
		<subfield code="a">Ṭurayḥī, Muḥammad Saʻīd.</subfield>
	</datafield>
	<datafield ind1="2" ind2=" " tag="710">
		<subfield code="a">Princeton University.</subfield>
		<subfield code="b">Library.</subfield>
	</datafield>
	<datafield ind1="0" ind2=" " tag="730">
		<subfield code="a">Arabic Collections Online.</subfield>
	</datafield>
	<datafield ind1="0" ind2=" " tag="740">
		<subfield code="a">Dalīl Muʻjam rijāl al-ḥadīth.</subfield>
	</datafield>
	<datafield ind1="0" ind2="8" tag="776">
		<subfield code="i">Print version:</subfield>
		<subfield code="a">Khūʾī, Abū al-Qāsim ibn ʻAlī Akbar, 1899-</subfield>
		<subfield code="t">Muʻjam rijāl al-ḥadīth wa-tafṣīl ṭabaqāt al-ruwāh</subfield>
		<subfield code="w">(NjP)794859</subfield>
	</datafield>
	<datafield ind1="4" ind2="0" tag="856">
		<subfield code="u">http://hdl.handle.net/2333.1/bnzs7pq4</subfield>
	</datafield>
	<datafield ind1=" " ind2=" " tag="911">
		<subfield code="a">19930326</subfield>
	</datafield>
	<datafield ind1=" " ind2=" " tag="912">
		<subfield code="a">19930318000000.0</subfield>
	</datafield>
	<datafield ind1=" " ind2=" " tag="959">
		<subfield code="a">NNU</subfield>
		<subfield code="b">WEB</subfield>
		<subfield code="c">GENI</subfield>
		<subfield code="t">0</subfield>
		<subfield code="m">Electronic access</subfield>
		<subfield code="s">01</subfield>
	</datafield>
	<datafield ind1=" " ind2=" " tag="999">
		<subfield code="i">NjP_794859</subfield>
		<subfield code="s">princeton_aco000959:juz 1</subfield>
		<subfield code="s">princeton_aco000960:juz 2</subfield>
		<subfield code="s">princeton_aco000961:juz 3</subfield>
		<subfield code="s">princeton_aco000962:juz 4</subfield>
		<subfield code="s">princeton_aco000963:juz 5</subfield>
		<subfield code="s">princeton_aco000964:juz 6</subfield>
		<subfield code="s">princeton_aco000965:juz 7</subfield>
		<subfield code="s">princeton_aco000966:juz 8</subfield>
		<subfield code="s">princeton_aco000967:juz 9</subfield>
		<subfield code="s">princeton_aco000968:juz 10</subfield>
		<subfield code="s">princeton_aco000969:juz 10</subfield>
		<subfield code="s">princeton_aco000970:juz 12</subfield>
		<subfield code="s">princeton_aco000971:juz 13</subfield>
		<subfield code="s">princeton_aco000972:juz 14</subfield>
		<subfield code="s">princeton_aco000973:juz 15</subfield>
		<subfield code="s">princeton_aco000974:juz 16</subfield>
		<subfield code="s">princeton_aco000975:juz 17</subfield>
		<subfield code="s">princeton_aco000976:juz 17</subfield>
		<subfield code="s">princeton_aco001057:juz 19</subfield>
		<subfield code="s">princeton_aco000977:juz 20</subfield>
		<subfield code="s">princeton_aco000978:juz 21</subfield>
		<subfield code="s">princeton_aco000979:juz 22</subfield>
		<subfield code="s">princeton_aco000980:juz 23</subfield>
		<subfield code="s">princeton_aco000981:juz 24</subfield>
		<subfield code="e">(ERROR-880)(ERROR-MISC)</subfield>
	</datafield>
</record>
